<record><leader>00000cas a22000007a 4500</leader><controlfield tag="001">13341482</controlfield><controlfield tag="008">860325u1875uuuuiluwr ne      0    0swe d</controlfield><datafield ind1=" " ind2=" " tag="010"><subfield code="a">sn 86086393 </subfield></datafield><datafield ind1=" " ind2=" " tag="040"><subfield code="a">NPV</subfield><subfield code="b">eng</subfield><subfield code="c">NPV</subfield><subfield code="d">OCLCQ</subfield></datafield><datafield ind1=" " ind2=" " tag="042"><subfield code="a">msc</subfield></datafield><datafield ind1=" " ind2=" " tag="043"><subfield code="a">n-us-il</subfield></datafield><datafield ind1=" " ind2=" " tag="045"><subfield code="a">w7--</subfield></datafield><datafield ind1="0" ind2="4" tag="245"><subfield code="a">The Swedish American.</subfield></datafield><datafield ind1=" " ind2=" " tag="260"><subfield code="a">Chicago, Ill. :</subfield><subfield code="b">E. Landergren,</subfield><subfield code="c">1875-</subfield></datafield><datafield ind1=" " ind2=" " tag="300"><subfield code="a">v.</subfield></datafield><datafield ind1=" " ind2=" " tag="310"><subfield code="a">Weekly</subfield></datafield><datafield ind1="0" ind2=" " tag="362"><subfield code="a">A&#778;rga&#778;ng [1], n:o. 1 (21 Aug., 1875)-</subfield></datafield><datafield ind1=" " ind2=" " tag="546"><subfield code="a">In Swedish.</subfield></datafield><datafield ind1=" " ind2=" " tag="752"><subfield code="a">United States</subfield><subfield code="b">Illinois</subfield><subfield code="c">Cook</subfield><subfield code="d">Chicago.</subfield></datafield><datafield ind1="1" ind2=" " tag="029"><subfield code="a">AU@</subfield><subfield code="b">000025828145</subfield></datafield></record>